<?xml version="1.0" encoding="UTF-8"?><collection xmlns="http://www.loc.gov/MARC21/slim"><record><leader>00547nam--2200193-i-4500</leader><controlfield tag="001">000017318</controlfield><controlfield tag="002">20161230</controlfield><controlfield tag="005">20161230201032</controlfield><controlfield tag="008">060222s1000------------r-----000-0-eng-d</controlfield><datafield ind1=" " ind2=" " tag="020"><subfield code="a">0120442736</subfield></datafield><datafield ind1=" " ind2=" " tag="040"><subfield code="a">IFIN-HH</subfield></datafield><datafield ind1=" " ind2=" " tag="080"><subfield code="a">539.171</subfield></datafield><datafield ind1="1" ind2=" " tag="100"><subfield code="a">Adhilkari, Sadhan K</subfield></datafield><datafield ind1="1" ind2="0" tag="245"><subfield code="a">Dynamical collision theory and its applications</subfield><subfield code="c">Sadhan k. adhikari, kenneth l. kowalski</subfield></datafield><datafield ind1=" " ind2=" " tag="260"><subfield code="a">Boston</subfield><subfield code="b">Academic Press, Inc</subfield><subfield code="c">1991</subfield></datafield><datafield ind1=" " ind2=" " tag="300"><subfield code="a">XIV + 494 P</subfield></datafield><datafield ind1="1" ind2=" " tag="700"><subfield code="a">Kowalski, Kenneth L</subfield></datafield><datafield ind1=" " ind2=" " tag="852"><subfield code="a">80259</subfield><subfield code="c">539.17</subfield></datafield><datafield ind1=" " ind2=" " tag="CAT"><subfield code="a">Sys</subfield><subfield code="c">20120628</subfield><subfield code="h">144127</subfield></datafield></record></collection>